@book{vovk2005algorithmic,
  title={Algorithmic learning in a random world},
  author={Vovk, Vladimir and Gammerman, Alexander and Shafer, Glenn},
  volume={29},
  publisher={Springer}
}

@misc{angelopoulos2024theoreticalfoundationsconformalprediction,
      title={Theoretical Foundations of Conformal Prediction}, 
      author={Anastasios N. Angelopoulos and Rina Foygel Barber and Stephen Bates},
      year={2024},
      eprint={2411.11824},
      archivePrefix={arXiv},
      primaryClass={math.ST},
      url={https://arxiv.org/abs/2411.11824}, 
}

@article{barber2023conformalbeyondexch,
  title={Conformal prediction beyond exchangeability},
  author={Barber, Rina Foygel and Candes, Emmanuel J and Ramdas, Aaditya and Tibshirani, Ryan J},
  journal={The Annals of Statistics},
  volume={51},
  number={2},
  pages={816--845},
  year={2023},
  publisher={Institute of Mathematical Statistics}
}

@article{lei2018,
  title={Distribution-free predictive inference for regression},
  author={Lei, Jing and G’Sell, Max and Rinaldo, Alessandro and Tibshirani, Ryan J and Wasserman, Larry},
  journal={Journal of the American Statistical Association},
  volume={113},
  number={523},
  pages={1094--1111},
  year={2018},
  publisher={Taylor \& Francis}
}

@article{romano2019_CQR,
  title={Conformalized quantile regression},
  author={Romano, Yaniv and Patterson, Evan and Candes, Emmanuel},
  journal={Advances in neural information processing systems},
  volume={32},
  year={2019}
}

@article{harrison2012,
  title={Conservative hypothesis tests and confidence intervals using importance sampling},
  author={Harrison, Matthew T},
  journal={Biometrika},
  volume={99},
  number={1},
  pages={57--69},
  year={2012},
  publisher={Oxford University Press}
}

@article{barber2024finetti,
  title={De Finetti’s theorem and related results for infinite weighted exchangeable sequences},
  author={Barber, Rina Foygel and Cand{\`e}s, Emmanuel J and Ramdas, Aaditya and Tibshirani, Ryan J},
  journal={Bernoulli},
  volume={30},
  number={4},
  pages={3004--3028},
  year={2024},
  publisher={Bernoulli Society for Mathematical Statistics and Probability}
}

@article{tang2023finiteweighted,
  title={Finite and infinite weighted exchangeable sequences},
  author={Tang, Wenpin},
  journal={arXiv preprint arXiv:2306.11584},
  year={2023}
}

@article{tibshirani2019covariateshift,
  title={Conformal prediction under covariate shift},
  author={Tibshirani, Ryan J and Foygel Barber, Rina and Candes, Emmanuel and Ramdas, Aaditya},
  journal={Advances in neural information processing systems},
  volume={32},
  year={2019}
}

@inproceedings{ramdas2021labelshift,
  title={Distribution-free uncertainty quantification for classification under label shift},
  author={Podkopaev, Aleksandr and Ramdas, Aaditya},
  booktitle={Uncertainty in artificial intelligence},
  pages={844--853},
  year={2021},
  organization={PMLR}
}

@misc{tibs_advanced_topics,
  author        = {Ryan Tibshirani},
  title         = {Advanced Topics in Statistical Learning},
  year          = {2024},
  howpublished = "\url{https://www.stat.berkeley.edu/~ryantibs/statlearn-s24/lectures/conformal.pdf}",
  note = "[Online lecture notes]",
}

@misc{tibs_advanced_topics_homework,
  author        = {Ryan Tibshirani},
  title         = {Advanced Topics in Statistical Learning Homework 4},
  year          = {2024},
  howpublished = "\url{https://www.stat.berkeley.edu/~ryantibs/statlearn-s24/homeworks/homework4.pdf}",
  note = "[Online homework sheet]",
}